<?xml version="1.0" encoding="UTF-8"?><collection xmlns="http://www.loc.gov/MARC21/slim"><record><leader>00546nam--2200193-i-4500</leader><controlfield tag="001">000043701</controlfield><controlfield tag="002">20161230</controlfield><controlfield tag="005">20161230201044</controlfield><controlfield tag="008">060222s1000------------r-----000-0-esp-d</controlfield><datafield ind1=" " ind2=" " tag="040"><subfield code="a">IFIN-HH</subfield></datafield><datafield ind1=" " ind2=" " tag="041"><subfield code="a">esp</subfield></datafield><datafield ind1=" " ind2=" " tag="080"><subfield code="a">538.956:537.226:621.315.61</subfield></datafield><datafield ind1="1" ind2=" " tag="100"><subfield code="a">Tareiev,B.M</subfield></datafield><datafield ind1="1" ind2="0" tag="245"><subfield code="a">Fisica de los materiales dielectricos</subfield><subfield code="c">B.m. tareiev</subfield></datafield><datafield ind1=" " ind2=" " tag="260"><subfield code="a">Moscu</subfield><subfield code="b">Editorial Mi</subfield><subfield code="c">1978</subfield></datafield><datafield ind1=" " ind2=" " tag="300"><subfield code="a">474 P</subfield></datafield><datafield ind1=" " ind2=" " tag="500"><subfield code="a">Titlul Original In Limba Rusa: Fizika Dielektriceskih Materialov</subfield></datafield><datafield ind1=" " ind2=" " tag="852"><subfield code="a">75332</subfield><subfield code="c">537.226</subfield></datafield><datafield ind1=" " ind2=" " tag="CAT"><subfield code="a">Sys</subfield><subfield code="c">20110707</subfield><subfield code="h">141535</subfield></datafield></record></collection>